<record><leader>00000cas a22000007a 4500</leader><controlfield tag="001">14163366</controlfield><controlfield tag="008">860829d19701972nvuwr ne      0    0eng d</controlfield><datafield ind1=" " ind2=" " tag="010"><subfield code="a">sn 86076363 </subfield></datafield><datafield ind1=" " ind2=" " tag="040"><subfield code="a">NNX</subfield><subfield code="b">eng</subfield><subfield code="c">NNX</subfield><subfield code="d">OCLCQ</subfield></datafield><datafield ind1=" " ind2=" " tag="042"><subfield code="a">msc</subfield></datafield><datafield ind1="0" ind2=" " tag="130"><subfield code="a">Humboldt county bulletin (1970)</subfield></datafield><datafield ind1="1" ind2="0" tag="245"><subfield code="a">Humboldt county bulletin.</subfield></datafield><datafield ind1=" " ind2=" " tag="260"><subfield code="a">Winnemucca, Nev. :</subfield><subfield code="b">Humboldt Basin Newspapers, Inc.,</subfield><subfield code="c">1970-1972.</subfield></datafield><datafield ind1=" " ind2=" " tag="300"><subfield code="a">4 v. :</subfield><subfield code="b">ill.</subfield></datafield><datafield ind1=" " ind2=" " tag="310"><subfield code="a">Weekly</subfield></datafield><datafield ind1="0" ind2=" " tag="362"><subfield code="a">Vol. 99, no. 47 (Feb. 18, 1970)-v. 102, no. 7 (May 3, 1972).</subfield></datafield><datafield ind1=" " ind2=" " tag="752"><subfield code="a">United States</subfield><subfield code="b">Nevada</subfield><subfield code="c">Humboldt</subfield><subfield code="d">Winnemucca.</subfield></datafield><datafield ind1="0" ind2="0" tag="780"><subfield code="t">Territorial enterprise (Winnemucca, Nev.)</subfield><subfield code="w">(DLC)sn 84020377</subfield><subfield code="w">(OCoLC)10690582</subfield></datafield></record>